
@book{Vergara:00,
author={S. C. Vergara},
title={Projetos e relatorios de pesquisa em administração},
publisher={Atlas},
year={2000},
address={São Paulo},
edition = {3},
}



@book{Bocchi:04,
author={J. H. Bocchi and J. T. Borba},
title={Monografia para Economia},
publisher={Saraiva},
year={2004},
address={São Paulo},
}



@inproceedings{Oliveira:08,
    author={A. S. Oliveira and M. F. Coelho and M. S. A. R. Faulin, J. V. Salvi and J. P. Molin},
    title={Viabilidade Espacial da Compactação do Solo nas Linhas de Cultivo e de Tráfego em Cana-de-Açúcar},
    booktitle = {Anais do Congresso Brasileiro de Agricultura de Precisão},
    year={2008},
    address = {Piracicaba},
    publisher={ConBAP},
}

@misc{USP:08,
  author = {USP},
  title = {Elaboração de trabalho acadêmico},
  howpublished = "\url{http://www2.fm.usp.br/biblioteca/mostrahp.php?origem=biblioteca&xcod=Elabora%E7%E3o%20de%20trabalho%20acad%EAmico&dequem=Paginas%20Internas%202}",
  year = {2008}, 
  note = "[Online; Acesso em 12 jun. 2019]"
}


@PHDthesis{Jorge:11,
author = {L. A. C. Jorge},
title = { Metodologia de fusão de vídeos e sons para monitoração de comportamento de insetos.},
school = {Escola de Engenharia de São Carlos, University of São Paulo},
year = {2011},
address = {São Paulo},
opttype = {Tese},
}
